@Article{Dar2025,
author={Dar, Mohsin Furkh
and Ganivada, Avatharam},
title={Adaptive ensemble loss and multi-scale attention in breast ultrasound segmentation with UMA-Net},
journal={Medical {\&} Biological Engineering {\&} Computing},
year={2025},
month={Jan},
day={23},
issn={1741-0444},
doi={10.1007/s11517-025-03301-5},
url={https://doi.org/10.1007/s11517-025-03301-5}
}

@article{Dar2024,
   author = {Mohsin Furkh Dar and Avatharam Ganivada},
   doi = {10.1016/J.IMAVIS.2024.105018},
   issn = {0262-8856},
   journal = {Image and Vision Computing},
   month = {6},
   pages = {105018},
   publisher = {Elsevier},
   title = {Deep learning and genetic algorithm-based ensemble model for feature selection and classification of breast ultrasound images},
   volume = {146},
   year = {2024},
}
@article{Dar2023,
   author = {Mohsin Furkh Dar and Avatharam Ganivada},
   doi = {10.1007/s11063-023-11333-x},
   journal = {Neural Processing Letters},
   pages = {10439-10462},
   title = {EfficientU-Net: A Novel Deep Learning Method for Breast Tumor Segmentation and Classification in Ultrasound Images},
   volume = {55},
   year = {2023},
}
@article{Dar2018,
   author = {Mohsin Furkh Dar and Sarvottam Dixit},
   doi = {10.21275/ART20194439},
   issue = {1},
   journal = {International Journal of Science and Research},
   pages = {986-994},
   title = {Performance Comparison of Face Detection and Recognition Algorithms},
   volume = {8},
   year = {2018},
}
@article{Mukhtar2022,
   author = {Sayima Mukhtar and Mohsin Furkh Dar and Amandeep Kaur},
   doi = {10.1504/IJAISC.2022.130558},
   issn = {1755-4950},
   issue = {4},
   journal = {International Journal of Artificial Intelligence and Soft Computing},
   pages = {313},
   title = {Latent fingerprint enhancement and matching using intuitionistic type-2 fuzzy},
   volume = {7},
   year = {2022},
}
@InProceedings{Ganivada2021,
author="Ganivada, Avatharam",
editor="Abraham, Ajith
and Jabbar, M. A.
and Tiwari, Sanju
and Jesus, Isabel M. S.",
title="Generalized Fuzzy Rough Sets Based on New Fuzzy Similarity Relation",
booktitle="Proceedings of the 11th International Conference on Soft Computing and Pattern Recognition (SoCPaR 2019)",
year="2021",
publisher="Springer International Publishing",
address="Cham",
pages="1--9",
isbn="978-3-030-49345-5",
doi={doi.org/10.1007/978-3-030-49345-5_1}
}
@article{Huang2017,
   author = {Qinghua Huang and Yaozhong Luo and Qiangzhi Zhang},
   doi = {10.1007/S11548-016-1513-1/TABLES/1},
   issn = {18616429},
   issue = {3},
   journal = {International Journal of Computer Assisted Radiology and Surgery},
   keywords = {Breast cancer,Computer-aided diagnosis,Segmentation,Ultrasound},
   month = {3},
   pages = {493-507},
   pmid = {28070777},
   publisher = {Springer Verlag},
   title = {Breast ultrasound image segmentation: a survey},
   volume = {12},
   url = {https://link.springer.com/article/10.1007/s11548-016-1513-1},
   year = {2017},
}
@article{Yap2018,
   author = {Moi Hoon Yap and Gerard Pons and Joan Martí and Sergi Ganau and Melcior Sentís and Reyer Zwiggelaar and Adrian K. Davison and Robert Martí},
   doi ={10.1109/JBHI.2017.2731873},
   issn = {21682208},
   issue = {4},
   journal = {IEEE Journal of Biomedical and Health Informatics},
   month = {jul},
   pages = {1218-1226},
   pmid = {28796627},
   publisher = {Institute of Electrical and Electronics Engineers Inc.},
   title = {Automated Breast Ultrasound Lesions Detection Using Convolutional Neural Networks},
   volume = {22},
   year = {2018}
}
@article{Walid2020,
   author = {Walid Al-Dhabyani and Mohammed Gomaa and Hussien Khaled and Aly Fahmy},
   doi ={10.1016/J.DIB.2019.104863},
   issn = {2352-3409},
   journal = {Data in Brief},
   pages = {104863},
   publisher = {Elsevier},
   title = {Dataset of breast ultrasound images},
   volume = {28},
   year = {2020}
}
@article{Tasnim2024,
doi ={10.1088/1361-6560/ad1319},
year = {2023},
month = {dec},
publisher = {IOP Publishing},
volume = {69},
number = {1},
pages = {015018},
author = {Jarin Tasnim and Md Kamrul Hasan},
title = {CAM-QUS guided self-tuning modular CNNs with multi-loss functions for fully automated breast lesion classification in ultrasound images},
journal = {Physics in Medicine and Biology}
}
@article{Rodtook2018,
title = {Automatic initialization of active contours and level set method in ultrasound images of breast abnormalities},
journal = {Pattern Recognition},
volume = {79},
pages = {172-182},
year = {2018},
issn = {0031-3203},
doi ={10.1016/j.patcog.2018.01.032},
author = {Annupan Rodtook and Khwunta Kirimasthong and Wanrudee Lohitvisate and Stanislav S. Makhanov}
}

@misc{Rodrigues2017,
  author       = {Paulo Sergio Rodrigues},
  title        = {Breast Ultrasound Image},
  howpublished = {Mendeley Data, V1},
  doi          = {https://doi.org/10.17632/wmy84gzngw.1},
  year         = {2017}
}
@article{Lin2024,
title = {Boundary-wise loss for medical image segmentation based on fuzzy rough sets},
journal = {Information Sciences},
volume = {661},
pages = {120183},
year = {2024},
issn = {0020-0255},
doi = {10.1016/j.ins.2024.120183},
author = {Qiao Lin and Xin Chen and Chao Chen and Jonathan M. Garibaldi}
}

@InProceedings{Sun2023,
author="Sun, Fan
and Luo, Zhiming
and Li, Shaozi",
editor="Greenspan, Hayit
and Madabhushi, Anant
and Mousavi, Parvin
and Salcudean, Septimiu
and Duncan, James
and Syeda-Mahmood, Tanveer
and Taylor, Russell",
title="Boundary Difference over Union Loss for Medical Image Segmentation",
booktitle="Medical Image Computing and Computer Assisted Intervention -- MICCAI 2023",
year="2023",
publisher="Springer Nature Switzerland",
address="Cham",
pages="292--301",
isbn="978-3-031-43901-8",
doi = {doi.org/10.1007/978-3-031-43901-8_28}
}

@ARTICLE{Mehrtash2020,
  author={Mehrtash, Alireza and Wells, William M. and Tempany, Clare M. and Abolmaesumi, Purang and Kapur, Tina},
  journal={IEEE Transactions on Medical Imaging}, 
  title={Confidence Calibration and Predictive Uncertainty Estimation for Deep Medical Image Segmentation}, 
  year={2020},
  volume={39},
  number={12},
  pages={3868-3878},
  doi={10.1109/TMI.2020.3006437}}

@INPROCEEDINGS{Fu2021,
  author={Fu, Yixuan and Chen, Junying and Li, Kai},
  booktitle={2021 IEEE International Ultrasonics Symposium (IUS)}, 
  title={Structure-aware Loss Function for Ultrasound Image Segmentation}, 
  year={2021},
  volume={},
  number={},
  pages={1-4},
  doi={10.1109/IUS52206.2021.9593773}}

@article{Siegel2023,
author = {Siegel, Rebecca L. and Miller, Kimberly D. and Wagle, Nikita Sandeep and Jemal, Ahmedin},
title = {Cancer statistics, 2023},
journal = {CA: A Cancer Journal for Clinicians},
volume = {73},
number = {1},
pages = {17-48},
doi = {10.3322/caac.21763},
eprint = {https://acsjournals.onlinelibrary.wiley.com/doi/pdf/10.3322/caac.21763},
year = {2023}
}
@inproceedings{Kai2023,
author = {Kai, Huang and Feng, Zhang Yu and Meng, He and Baoping, Feng Yue and Han, Yao Rui},
title = {Ultrasound Image Segmentation of Breast Tumors Based on Swin-transformerv2},
year = {2023},
isbn = {9781450397438},
publisher = {Association for Computing Machinery},
address = {New York, NY, USA},
url = {https://doi.org/10.1145/3582197.3582214},
doi = {10.1145/3582197.3582214},
booktitle = {Proceedings of the 2022 10th International Conference on Information Technology: IoT and Smart City},
pages = {106–111},
numpages = {6},
series = {ICIT '22}
}
@article{Zhou2023,
author = {Zhou, Jiale and Hou, Zuoxun and Lu, Hongyan and Wang, Wenhan and Zhao, Wanchen and Wang, Zenan and Zheng, Dezhi and Wang, Shuai and Tang, Wenzhong and Qu, Xiaolei},
title = {A deep supervised transformer U-shaped full-resolution residual network for the segmentation of breast ultrasound image},
journal = {Medical Physics},
volume = {50},
number = {12},
pages = {7513-7524},
keywords = {breast cancer, breast ultrasound image, deep learning, segmentation},
doi = {10.1002/mp.16765},
url = {https://aapm.onlinelibrary.wiley.com/doi/abs/10.1002/mp.16765},
year = {2023}
}

@ARTICLE{Ning2022,
  author={Ning, Zhenyuan and Zhong, Shengzhou and Feng, Qianjin and Chen, Wufan and Zhang, Yu},
  journal={IEEE Transactions on Medical Imaging}, 
  title={SMU-Net: Saliency-Guided Morphology-Aware U-Net for Breast Lesion Segmentation in Ultrasound Image}, 
  year={2022},
  volume={41},
  number={2},
  pages={476-490},
  doi={10.1109/TMI.2021.3116087}
}

@article{Danilo2021,
author = {Avola, Danilo and Cinque, Luigi and Fagioli, Alessio and Foresti, Gianluca and Mecca, Alessio},
title = {Ultrasound Medical Imaging Techniques: A Survey},
year = {2021},
issue_date = {April 2022},
publisher = {Association for Computing Machinery},
address = {New York, NY, USA},
volume = {54},
number = {3},
issn = {0360-0300},
url = {https://doi.org/10.1145/3447243},
doi = {10.1145/3447243},
journal = {ACM Comput. Surv.},
month = {apr},
articleno = {67},
numpages = {38}
}
@ARTICLE{Noble2006,
  author={Noble, J.A. and Boukerroui, D.},
  journal={IEEE Transactions on Medical Imaging}, 
  title={Ultrasound image segmentation: a survey}, 
  year={2006},
  volume={25},
  number={8},
  pages={987-1010},
  doi={10.1109/TMI.2006.877092}
}
@INPROCEEDINGS{Abraham2019,
  author={Abraham, Nabila and Khan, Naimul Mefraz},
  booktitle={2019 IEEE 16th International Symposium on Biomedical Imaging (ISBI 2019)}, 
  title={A Novel Focal Tversky Loss Function With Improved Attention U-Net for Lesion Segmentation}, 
  year={2019},
  volume={},
  number={},
  pages={683-687},
  doi={10.1109/ISBI.2019.8759329}
}

@article{Ma2021,
   author = {Jun Ma and Jianan Chen and Matthew Ng and Rui Huang and Yu Li and Chen Li and Xiaoping Yang and Anne L. Martel},
   doi = {10.1016/j.media.2021.102035},
   issn = {13618423},
   journal = {Medical Image Analysis},
   month = {7},
   pmid = {33813286},
   publisher = {Elsevier B.V.},
   title = {Loss odyssey in medical image segmentation},
   volume = {71},
   year = {2021},
}

@article{Azad2023,
  title={Loss Functions in the Era of Semantic Segmentation: A Survey and Outlook},
  author={Reza Azad and Moein Heidary and Kadir Yilmaz and Michael Huttemann and Sanaz Karimijafarbigloo and Yuli Wu and Anke Schmeink and Dorit Merhof},
  journal={ArXiv},
  year={2023},
  volume={abs/2312.05391},
  doi = {doi.org/10.48550/arXiv.2312.05391}
}

@inproceedings{Liao2022,
author = {Liao, Wentao and Zhang, Xuan and Song, Wenbo and Wu, Xinglong and Xu, Guoping},
title = {Lesions Segmentation of Medical Ultrasound Images with Boundary Enhancement Strategy},
year = {2022},
isbn = {9781450396202},
publisher = {Association for Computing Machinery},
address = {New York, NY, USA},
doi = {10.1145/3524086.3524091},
booktitle = {2022 4th International Conference on Intelligent Medicine and Image Processing},
pages = {30–35},
numpages = {6},
location = {Tianjin, China},
series = {IMIP 2022}
}
@article{Egoshin2020,
   author = {I. A. Egoshin and D. V. Pasynkov and A. A. Kolchev and I. V. Kliouchkin and O. O. Pasynkova},
   doi = {10.1007/S10527-020-09982-6/METRICS},
   issn = {15738256},
   issue = {2},
   journal = {Biomedical Engineering},
   month = {7},
   pages = {99-103},
   publisher = {Springer},
   title = {Segmentation of Breast Focal Lesions on the Ultrasound Image},
   volume = {54},
   year = {2020}
}
@article{Chen2021,
  title={TransUNet: Transformers Make Strong Encoders for Medical Image Segmentation},
  author={Jieneng Chen and Yongyi Lu and Qihang Yu and Xiangde Luo and Ehsan Adeli and Yan Wang and Le Lu and Alan Loddon Yuille and Yuyin Zhou},
  journal={ArXiv},
  year={2021},
  volume={abs/2102.04306}
}

@inproceedings{oktay2018,
title={Attention U-Net: Learning Where to Look for the Pancreas},
author={Ozan Oktay and Jo Schlemper and Loic Le Folgoc and Matthew Lee and Mattias Heinrich and Kazunari Misawa and Kensaku Mori and Steven McDonagh and Nils Y Hammerla and Bernhard Kainz and Ben Glocker and Daniel Rueckert},
booktitle={Medical Imaging with Deep Learning},
year={2018},
pages={1--10},
doi={10.48550/arXiv.1804.03999},
eprint={1804.03999},
archivePrefix={arXiv},
primaryClass={cs.CV}
}

@InProceedings{Ronneberger2015,
author="Ronneberger, Olaf
and Fischer, Philipp
and Brox, Thomas",
editor="Navab, Nassir
and Hornegger, Joachim
and Wells, William M.
and Frangi, Alejandro F.",
title="U-Net: Convolutional Networks for Biomedical Image Segmentation",
booktitle="Medical Image Computing and Computer-Assisted Intervention -- MICCAI 2015",
year="2015",
publisher="Springer International Publishing",
address="Cham",
pages="234--241",
isbn="978-3-319-24574-4",
doi = {doi.org/10.1007/978-3-319-24574-4_28}
}

@ARTICLE{Ansari2024,
  author={Ansari, Mohammed Yusuf and Changaai Mangalote, Iffa Afsa and Meher, Pramod Kumar and Aboumarzouk, Omar and Al-Ansari, Abdulla and Halabi, Osama and Dakua, Sarada Prasad},
  journal={IEEE Transactions on Emerging Topics in Computational Intelligence}, 
  title={Advancements in Deep Learning for B-Mode Ultrasound Segmentation: A Comprehensive Review}, 
  year={2024},
  volume={8},
  number={3},
  pages={2126-2149},
  doi={10.1109/TETCI.2024.3377676}}

@ARTICLE{Cock2007,
  author={De Cock, Martine and Cornelis, Chris and Kerre, Etienne E.},
  journal={IEEE Transactions on Fuzzy Systems}, 
  title={Fuzzy Rough Sets: The Forgotten Step}, 
  year={2007},
  volume={15},
  number={1},
  pages={121-130},
  doi={10.1109/TFUZZ.2006.889762}}

@ARTICLE{Hong2019,
  author={Zhao, Hong and Wang, Ping and Hu, Qinghua and Zhu, Pengfei},
  journal={IEEE Transactions on Fuzzy Systems}, 
  title={Fuzzy Rough Set Based Feature Selection for Large-Scale Hierarchical Classification}, 
  year={2019},
  volume={27},
  number={10},
  pages={1891-1903},
  doi={10.1109/TFUZZ.2019.2892349}}

@ARTICLE{Roy2020,
  author={Roy, Shaswati and Maji, Pradipta},
  journal={IEEE Transactions on Fuzzy Systems}, 
  title={Medical Image Segmentation by Partitioning Spatially Constrained Fuzzy Approximation Spaces}, 
  year={2020},
  volume={28},
  number={5},
  pages={965-977},
  doi={10.1109/TFUZZ.2020.2965896}}
@INPROCEEDINGS{Shang2008,
  author={Changjing Shang and Qiang Shen},
  booktitle={2008 IEEE International Conference on Fuzzy Systems (IEEE World Congress on Computational Intelligence)}, 
  title={Aiding neural network based image classification with fuzzy-rough feature selection}, 
  year={2008},
  volume={},
  number={},
  pages={976-982},
  doi={10.1109/FUZZY.2008.4630488}}

@article{AFFONSO2015,
title = {Biological image classification using rough-fuzzy artificial neural network},
journal = {Expert Systems with Applications},
volume = {42},
number = {24},
pages = {9482-9488},
year = {2015},
issn = {0957-4174},
doi = {https://doi.org/10.1016/j.eswa.2015.07.075},
url = {https://www.sciencedirect.com/science/article/pii/S0957417415005357},
author = {Carlos Affonso and Renato Jose Sassi and Ricardo Marques Barreiros}
}

@ARTICLE{Du2023,
  author={Du, Jie and Guan, Kai and Liu, Peng and Li, Yuanman and Wang, Tianfu},
  journal={IEEE Journal of Biomedical and Health Informatics}, 
  title={Boundary-Sensitive Loss Function With Location Constraint for Hard Region Segmentation}, 
  year={2023},
  volume={27},
  number={2},
  pages={992-1003},
  doi={10.1109/JBHI.2022.3222390}
}

@ARTICLE{Chen2023,
  author={Chen, Yizheng and Yu, Lequan and Wang, Jen-Yeu and Panjwani, Neil and Obeid, Jean-Pierre and Liu, Wu and Liu, Lianli and Kovalchuk, Nataliya and Gensheimer, Michael Francis and Vitzthum, Lucas Kas and Beadle, Beth M. and Chang, Daniel T. and Le, Quynh-Thu and Han, Bin and Xing, Lei},
  journal={IEEE Transactions on Pattern Analysis and Machine Intelligence}, 
  title={Adaptive Region-Specific Loss for Improved Medical Image Segmentation}, 
  year={2023},
  volume={45},
  number={11},
  pages={13408-13421},
  doi={10.1109/TPAMI.2023.3289667}
}


@InProceedings{Jha2020,
author="Jha, Debesh
and Smedsrud, Pia H.
and Riegler, Michael A.
and Halvorsen, P{\aa}l
and de Lange, Thomas
and Johansen, Dag
and Johansen, H{\aa}vard D.",
editor="Ro, Yong Man
and Cheng, Wen-Huang
and Kim, Junmo
and Chu, Wei-Ta
and Cui, Peng
and Choi, Jung-Woo
and Hu, Min-Chun
and De Neve, Wesley",
title="Kvasir-SEG: A Segmented Polyp Dataset",
booktitle="MultiMedia Modeling",
year="2020",
publisher="Springer International Publishing",
address="Cham",
pages="451--462",
isbn="978-3-030-37734-2",
doi = {https://doi.org/10.1007/978-3-030-37734-2_37}
}

@Article{Sun2023Att,
author={Sun, Meijun
and Li, Pengfei
and Ren, Jinchang
and Wang, Zheng},
title={Attention Mechanism Enhanced Multi-layer Edge Perception Network for Deep Semantic Medical Segmentation},
journal={Cognitive Computation},
year={2023},
month={Jan},
day={01},
volume={15},
number={1},
pages={348-358},
issn={1866-9964},
doi={10.1007/s12559-022-10094-4}
}

@Article{Yao2024,
author={Yao, Fengqin
and Wang, Shengke
and Ding, Laihui
and Zhong, Guoqiang
and Li, Shu
and Xu, Zhiwei},
title={Attention-Guided Multi-Scale Fusion Network for Similar Objects Semantic Segmentation},
journal={Cognitive Computation},
year={2024},
month={Jan},
day={01},
volume={16},
number={1},
pages={366-376},
issn={1866-9964},
doi={10.1007/s12559-023-10206-8}
}

@Article{Umer2024,
author={Umer, Muhammad Junaid
and Sharif, Muhammad
and Raza, Mudassar},
title={A Multi-attention Triple Decoder Deep Convolution Network for Breast Cancer Segmentation Using Ultrasound Images},
journal={Cognitive Computation},
year={2024},
month={Mar},
day={01},
volume={16},
number={2},
pages={581-594},
issn={1866-9964},
doi={10.1007/s12559-023-10214-8}
}
@Article{Naveed2024,
author={Naveed, Asim
and Naqvi, Syed S.
and Iqbal, Shahzaib
and Razzak, Imran
and Khan, Haroon Ahmed
and Khan, Tariq M.},
title={RA-Net: Region-Aware Attention Network for Skin Lesion Segmentation},
journal={Cognitive Computation},
year={2024},
month={Sep},
day={01},
volume={16},
number={5},
pages={2279-2296},
issn={1866-9964},
doi={10.1007/s12559-024-10304-1}
}
@article{Yeung2022,
title = {Unified Focal loss: Generalising Dice and cross entropy-based losses to handle class imbalanced medical image segmentation},
journal = {Computerized Medical Imaging and Graphics},
volume = {95},
pages = {102026},
year = {2022},
issn = {0895-6111},
doi = {https://doi.org/10.1016/j.compmedimag.2021.102026},
url = {https://www.sciencedirect.com/science/article/pii/S0895611121001750},
author = {Michael Yeung and Evis Sala and Carola-Bibiane Schönlieb and Leonardo Rundo}
}

@article{VALVERDE2023,
title = {Region-wise loss for biomedical image segmentation},
journal = {Pattern Recognition},
volume = {136},
pages = {109208},
year = {2023},
issn = {0031-3203},
doi = {https://doi.org/10.1016/j.patcog.2022.109208},
url = {https://www.sciencedirect.com/science/article/pii/S0031320322006872},
author = {Juan Miguel Valverde and Jussi Tohka}
}

@INPROCEEDINGS{lin2017focal,
  author={Lin, Tsung-Yi and Goyal, Priya and Girshick, Ross and He, Kaiming and Dollár, Piotr},
  booktitle={2017 IEEE International Conference on Computer Vision (ICCV)}, 
  title={Focal Loss for Dense Object Detection}, 
  year={2017},
  volume={},
  number={},
  pages={2999-3007},
  keywords={Detectors;Training;Entropy;Object detection;Proposals;Robustness;Computer vision},
  doi={10.1109/ICCV.2017.324}}

@book{goodfellow2016deep,
    title={Deep Learning},
    author={Ian Goodfellow and Yoshua Bengio and Aaron Courville},
    publisher={MIT Press},
    note={\url{http://www.deeplearningbook.org}},
    year={2016}
}
@INPROCEEDINGS{Zhao2020,
  author={Zhao, Rongjian and Qian, Buyue and Zhang, Xianli and Li, Yang and Wei, Rong and Liu, Yang and Pan, Yinggang},
  booktitle={2020 IEEE International Conference on Data Mining (ICDM)}, 
  title={Rethinking Dice Loss for Medical Image Segmentation}, 
  year={2020},
  volume={},
  number={},
  pages={851-860},
  keywords={Training;Image segmentation;Three-dimensional displays;Two dimensional displays;Tools;Task analysis;Medical diagnostic imaging;medical image segmentation;assisted medical diagnosis;data imbalance;Focal Dice Loss;over-fitting},
  doi={10.1109/ICDM50108.2020.00094}}

@ARTICLE{karimi2019reducing,
  author={Karimi, Davood and Salcudean, Septimiu E.},
  journal={IEEE Transactions on Medical Imaging}, 
  title={Reducing the Hausdorff Distance in Medical Image Segmentation With Convolutional Neural Networks}, 
  year={2020},
  volume={39},
  number={2},
  pages={499-513},
  doi={10.1109/TMI.2019.2930068}}

@article{ribera2018weighted,
  title={Weighted Hausdorff Distance: A Loss Function For Object Localization},
  author={Javier Ribera and David G{\"u}era and Yuhao Chen and Edward J. Delp},
  journal={ArXiv},
  year={2018},
  volume={abs/1806.07564},
  url={https://api.semanticscholar.org/CorpusID:49322181}
}
@InProceedings{bertels2019optimizing,
author="Bertels, Jeroen
and Eelbode, Tom
and Berman, Maxim
and Vandermeulen, Dirk
and Maes, Frederik
and Bisschops, Raf
and Blaschko, Matthew B.",
editor="Shen, Dinggang
and Liu, Tianming
and Peters, Terry M.
and Staib, Lawrence H.
and Essert, Caroline
and Zhou, Sean
and Yap, Pew-Thian
and Khan, Ali",
title="Optimizing the Dice Score and Jaccard Index for Medical Image Segmentation: Theory and Practice",
booktitle="Medical Image Computing and Computer Assisted Intervention -- MICCAI 2019",
year="2019",
publisher="Springer International Publishing",
address="Cham",
pages="92--100",
isbn="978-3-030-32245-8",
doi = {"https://doi.org/10.1007/978-3-030-32245-8_11"}
}
@InProceedings{rahman2016optimizing,
author="Rahman, Md Atiqur
and Wang, Yang",
editor="Bebis, George
and Boyle, Richard
and Parvin, Bahram
and Koracin, Darko
and Porikli, Fatih
and Skaff, Sandra
and Entezari, Alireza
and Min, Jianyuan
and Iwai, Daisuke
and Sadagic, Amela
and Scheidegger, Carlos
and Isenberg, Tobias",
title="Optimizing Intersection-Over-Union in Deep Neural Networks for Image Segmentation",
booktitle="Advances in Visual Computing",
year="2016",
publisher="Springer International Publishing",
address="Cham",
pages="234--244",
isbn="978-3-319-50835-1",
doi={"https://doi.org/10.1007/978-3-319-50835-1_22"}
}
@InProceedings{salehi2017tversky,
author="Salehi, Seyed Sadegh Mohseni
and Erdogmus, Deniz
and Gholipour, Ali",
editor="Wang, Qian
and Shi, Yinghuan
and Suk, Heung-Il
and Suzuki, Kenji",
title="Tversky Loss Function for Image Segmentation Using 3D Fully Convolutional Deep Networks",
booktitle="Machine Learning in Medical Imaging",
year="2017",
publisher="Springer International Publishing",
address="Cham",
pages="379--387",
isbn="978-3-319-67389-9",
doi={"https://doi.org/10.1007/978-3-319-67389-9_44"}
}
@InProceedings{sudre2017generalised,
author="Sudre, Carole H.
and Li, Wenqi
and Vercauteren, Tom
and Ourselin, Sebastien
and Jorge Cardoso, M.",
editor="Cardoso, M. Jorge
and Arbel, Tal
and Carneiro, Gustavo
and Syeda-Mahmood, Tanveer
and Tavares, Jo{\~a}o Manuel R.S.
and Moradi, Mehdi
and Bradley, Andrew
and Greenspan, Hayit
and Papa, Jo{\~a}o Paulo
and Madabhushi, Anant
and Nascimento, Jacinto C.
and Cardoso, Jaime S.
and Belagiannis, Vasileios
and Lu, Zhi",
title="Generalised Dice Overlap as a Deep Learning Loss Function for Highly Unbalanced Segmentations",
booktitle="Deep Learning in Medical Image Analysis and Multimodal Learning for Clinical Decision Support ",
year="2017",
publisher="Springer International Publishing",
address="Cham",
pages="240--248",
isbn="978-3-319-67558-9",
doi={"https://doi.org/10.1007/978-3-319-67558-9_28"}
}
@Article{taghanaki2021deep,
author={Asgari Taghanaki, Saeid
and Abhishek, Kumar
and Cohen, Joseph Paul
and Cohen-Adad, Julien
and Hamarneh, Ghassan},
title={Deep semantic segmentation of natural and medical images: a review},
journal={Artificial Intelligence Review},
year={2021},
month={Jan},
day={01},
volume={54},
number={1},
pages={137-178},
issn={1573-7462},
doi={10.1007/s10462-020-09854-1},
url={https://doi.org/10.1007/s10462-020-09854-1}
}

@article{kervadec2019boundary,
title = {Boundary loss for highly unbalanced segmentation},
journal = {Medical Image Analysis},
volume = {67},
pages = {101851},
year = {2021},
issn = {1361-8415},
doi = {https://doi.org/10.1016/j.media.2020.101851},
url = {https://www.sciencedirect.com/science/article/pii/S1361841520302152},
author = {Hoel Kervadec and Jihene Bouchtiba and Christian Desrosiers and Eric Granger and Jose Dolz and Ismail {Ben Ayed}}
}

@article{BrainMRI_Data,
author = {null null },
title = {Comprehensive, Integrative Genomic Analysis of Diffuse Lower-Grade Gliomas},
journal = {New England Journal of Medicine},
volume = {372},
number = {26},
pages = {2481-2498},
year = {2015},
doi = {10.1056/NEJMoa1402121},
URL = {https://www.nejm.org/doi/full/10.1056/NEJMoa1402121},
eprint = {https://www.nejm.org/doi/pdf/10.1056/NEJMoa1402121}
}
@misc{chest_CT,
    author = {Ahmed Shahin and Carmela Wegworth and David and Elizabeth Estes and Julia Elliott and Justin Zita and SimonWalsh and Slepetys and Will Cukierski},
    title = {OSIC Pulmonary Fibrosis Progression},
    year = {2020},
    howpublished = {\url{https://kaggle.com/competitions/osic-pulmonary-fibrosis-progression}},
    note = {Kaggle}
}

@Article{Tschandl2018,
author={Tschandl, Philipp
and Rosendahl, Cliff
and Kittler, Harald},
title={The HAM10000 dataset, a large collection of multi-source dermatoscopic images of common pigmented skin lesions},
journal={Scientific Data},
year={2018},
month={Aug},
day={14},
volume={5},
number={1},
pages={180161},
issn={2052-4463},
doi={10.1038/sdata.2018.161},
url={https://doi.org/10.1038/sdata.2018.161}
}

@ARTICLE{badrinarayanan2017segnet,
  author={Badrinarayanan, Vijay and Kendall, Alex and Cipolla, Roberto},
  journal={IEEE Transactions on Pattern Analysis and Machine Intelligence}, 
  title={SegNet: A Deep Convolutional Encoder-Decoder Architecture for Image Segmentation}, 
  year={2017},
  volume={39},
  number={12},
  pages={2481-2495},
  keywords={Decoding;Neural networks;Training;Computer architecture;Image segmentation;Semantics;Convolutional codes;Deep convolutional neural networks;semantic pixel-wise segmentation;indoor scenes;road scenes;encoder;decoder;pooling;upsampling},
  doi={10.1109/TPAMI.2016.2644615}}
@InProceedings{chen2018encoder,
author="Chen, Liang-Chieh
and Zhu, Yukun
and Papandreou, George
and Schroff, Florian
and Adam, Hartwig",
editor="Ferrari, Vittorio
and Hebert, Martial
and Sminchisescu, Cristian
and Weiss, Yair",
title="Encoder-Decoder with Atrous Separable Convolution for Semantic Image Segmentation",
booktitle="Computer Vision -- ECCV 2018",
year="2018",
publisher="Springer International Publishing",
address="Cham",
pages="833--851",
isbn="978-3-030-01234-2",
doi = {"https://doi.org/10.1007/978-3-030-01234-2_49"}
}

@Article{isensee2021nnu,
author={Isensee, Fabian
and Jaeger, Paul F.
and Kohl, Simon A. A.
and Petersen, Jens
and Maier-Hein, Klaus H.},
title={nnU-Net: a self-configuring method for deep learning-based biomedical image segmentation},
journal={Nature Methods},
year={2021},
month={Feb},
day={01},
volume={18},
number={2},
pages={203-211},
issn={1548-7105},
doi={10.1038/s41592-020-01008-z},
url={https://doi.org/10.1038/s41592-020-01008-z}
}

@article{tang2018deep,
title = {Deep feature learning with relative distance comparison for person re-identification},
journal = {Pattern Recognition},
volume = {48},
number = {10},
pages = {2993-3003},
year = {2015},
note = {Discriminative Feature Learning from Big Data for Visual Recognition},
issn = {0031-3203},
doi = {https://doi.org/10.1016/j.patcog.2015.04.005},
url = {https://www.sciencedirect.com/science/article/pii/S0031320315001296},
author = {Shengyong Ding and Liang Lin and Guangrun Wang and Hongyang Chao},
}

@InCollection{huber1964robust,
  author    = {Peter J. Huber},
  title     = {Robust Estimation of a Location Parameter},
  booktitle = {Breakthroughs in Statistics: Methodology and Distribution},
  editor    = {Samuel Kotz and Norman L. Johnson},
  publisher = {Springer New York},
  address   = {New York, NY},
  year      = {1992},
  volume    = {1},
  series    = {Springer Series in Statistics},
  chapter   = {35},
  pages     = {492--518},
  doi       = {10.1007/978-1-4612-4380-9_35},
  isbn      = {978-1-4612-4380-9}
}

@INPROCEEDINGS {mao2017least,
author = { Mao, Xudong and Li, Qing and Xie, Haoran and Lau, Raymond Y.K. and Wang, Zhen and Smolley, Stephen Paul },
booktitle = { 2017 IEEE International Conference on Computer Vision (ICCV) },
title = {{ Least Squares Generative Adversarial Networks }},
year = {2017},
volume = {},
ISSN = {2380-7504},
pages = {2813-2821},
doi = {10.1109/ICCV.2017.304},
url = {https://doi.ieeecomputersociety.org/10.1109/ICCV.2017.304},
publisher = {IEEE Computer Society},
address = {Los Alamitos, CA, USA},
month =Oct}

@INPROCEEDINGS {Berman2018,
author = { Berman, Maxim and Triki, Amal Rannen and Blaschko, Matthew B. },
booktitle = { 2018 IEEE/CVF Conference on Computer Vision and Pattern Recognition (CVPR) },
title = {{ The Lovasz-Softmax Loss: A Tractable Surrogate for the Optimization of the Intersection-Over-Union Measure in Neural Networks }},
year = {2018},
volume = {},
ISSN = {},
pages = {4413-4421},
doi = {10.1109/CVPR.2018.00464},
url = {https://doi.ieeecomputersociety.org/10.1109/CVPR.2018.00464},
publisher = {IEEE Computer Society},
address = {Los Alamitos, CA, USA},
month =Jun}

